@article{cui2016exact,
  title={{Exact distribution for the product of two correlated Gaussian random variables}},
  author={Cui, Guolong and Yu, Xianxiang and Iommelli, Salvatore and Kong, Lingjiang},
  journal={IEEE Signal Processing Letters},
  volume={23},
  number={11},
  pages={1662--1666},
  year={2016},
  publisher={IEEE}
}

@book{rohatgi1976introduction,
  title={An Introduction to Probability Theory and Mathematical Statistics},
  publisher={John Wiley \& Sons},
  author={Rohatgi, VK},
  address={New York},
  year={1976}
}
